%% LaTeX2e file `jrckbib.bib'
%% generated by the `filecontents' environment
%% from source `disc_error' on 2019/03/31.
%%
@article{quinlan,
author = {Quinlan, N. J. and Basa, M. and Lastiwka, M.},
title = {Truncation error in mesh-free particle methods},
journal = {International Journal for Numerical Methods in Engineering},
volume = {66},
number = {13},
pages = {2064-2085},
doi = {10.1002/nme.1617},
year = {2006}
}
@article{lind_2012,
author = "S. J. Lind and R. Xu and P. K. Stansby and B. D. Rogers",
title = "Incompressible smoothed particle hydrodynamics for free-surface flows: A generalised diffusion-based algorithm for stability and validations for impulsive flows and propagating waves",
journal = "Journal of Computational Physics",
volume = "231",
year = "2012",
pages = "1499-1523",
doi = "10.1016/j.jcp.2011.10.027"
}
@article{lind_2016,
title = "High-order {E}ulerian incompressible smoothed particle hydrodynamics with transition to {L}agrangian free-surface motion",
journal = "Journal of Computational Physics",
volume = "326",
pages = "290 - 311",
year = "2016",
issn = "0021-9991",
doi = "10.1016/j.jcp.2016.08.047",
author = "S.J. Lind and P.K. Stansby",
}
@article{fatehi_2011,
title = "Error estimation in smoothed particle hydrodynamics and a new scheme for second derivatives",
journal = "Computers \& Mathematics with Applications",
volume = "61",
number = "2",
pages = "482 - 498",
year = "2011",
issn = "0898-1221",
doi = "10.1016/j.camwa.2010.11.028",
author = "R. Fatehi and M.T. Manzari",
}
@article{bonet_lok,
title = "Variational and momentum preservation aspects of Smooth Particle Hydrodynamic formulations",
journal = "Computer Methods in Applied Mechanics and Engineering",
volume = "180",
number = "1",
pages = "97 - 115",
year = "1999",
issn = "0045-7825",
doi = "10.1016/S0045-7825(99)00051-1",
author = "J. Bonet and T.-S.L. Lok",
}
@article{morris_1997,
title = "Modeling Low Reynolds Number Incompressible Flows Using {SPH}",
journal = "Journal of Computational Physics",
volume = "136",
number = "1",
pages = "214 - 226",
year = "1997",
issn = "0021-9991",
doi = "10.1006/jcph.1997.5776",
author = "Joseph P. Morris and Patrick J. Fox and Yi Zhu"
}
@article{cole_1951,
title="On a quasi-linear parabolic equation occurring in aerodynamics",
author= "J. D. Cole",
journal= "Quarterly of Applied Mathematics",
volume="9",
year = "1951",
pages = "225 - 236",
DOI =  "10.1090/qam/42889"
}
@article{randles_1996,
title = "Smoothed Particle Hydrodynamics: Some recent improvements and applications",
journal = "Computer Methods in Applied Mechanics and Engineering",
volume = "139",
number = "1",
pages = "375 - 408",
year = "1996",
doi = "10.1016/S0045-7825(96)01090-0",
author = "P.W. Randles and L.D. Libersky"
}
@article{sibilla_2015,
title = "An algorithm to improve consistency in Smoothed Particle Hydrodynamics",
journal = "Computers \& Fluids",
volume = "118",
pages = "148 - 158",
year = "2015",
doi = "10.1016/j.compfluid.2015.06.012",
author = "S. Sibilla"
}
@article{nasar_2019,
title = "{E}ulerian incompressible {SPH} with high-order velocity and pressure boundary conditions",
journal = "Please advise",
volume = "Submitted..",
pages = "X-Y",
year = "2019",
author = "A. M. A. Nasar and G. Fourtakas and S. J. Lind and B. D. Rogers and P. K. Stansby and J. R. C. King"
}
@Article{wendland_1995,
author="H. Wendland",
title="Piecewise polynomial, positive definite and compactly supported radial functions of minimal degree",
journal="Advances in Computational Mathematics",
year="1995",
volume="4",
number="1",
pages="389-396",
doi="10.1007/BF02123482"
}
@article{lucy_1977,
title = {Numerical approach to the testing of the fission hypothesis},
author = "L. B. Lucy",
doi = {10.1086/112164},
journal = {Astron. J.},
volume = "82",
number="12",
year = "1977",
pages="1013-1024"
}
@article{monaghan_2012,
title = "{S}moothed {P}article {H}ydrodynamics and its diverse applications",
author="J. J. Monaghan",
journal ="Annual Review of Fluid Mech.",
volume="44",
number="1",
year="2012",
pages="323-346"
}
@article{wright_2006,
title = "Scattered node compact finite difference-type formulas generated from radial basis functions",
journal = "Journal of Computational Physics",
volume = "212",
number = "1",
pages = "99 - 123",
year = "2006",
doi = "10.1016/j.jcp.2005.05.030",
author = "Grady B. Wright and Bengt Fornberg"
}
@article{shu_2003,
title = "Local radial basis function-based differential quadrature method and its application to solve two-dimensional incompressible {N}avier-{S}tokes equations",
journal = "Computer Methods in Applied Mechanics and Engineering",
volume = "192",
number = "7",
pages = "941 - 954",
year = "2003",
issn = "0045-7825",
doi = "10.1016/S0045-7825(02)00618-7",
author = "C Shu and H Ding and K.S Yeo"
}
@article{cecil_2004,
title = "Numerical methods for high dimensional {H}amilton-{J}acobi equations using radial basis functions",
journal = "Journal of Computational Physics",
volume = "196",
number = "1",
pages = "327 - 347",
year = "2004",
issn = "0021-9991",
doi = "10.1016/j.jcp.2003.11.010",
author = "Tom Cecil and Jianliang Qian and Stanley Osher"
}
@article{flyer_2016,
title = "On the role of polynomials in {RBF-FD} approximations: {I}. Interpolation and accuracy",
journal = "Journal of Computational Physics",
volume = "321",
pages = "21 - 38",
year = "2016",
issn = "0021-9991",
doi = "10.1016/j.jcp.2016.05.026",
author = "Natasha Flyer and Bengt Fornberg and Victor Bayona and Gregory A. Barnett"
}
@article{jensen_1972,
title = "Finite difference techniques for variable grids",
journal = "Computers \& Structures",
volume = "2",
number = "1",
pages = "17 - 29",
year = "1972",
issn = "0045-7949",
doi = "10.1016/0045-7949(72)90020-X",
author = "Paul S. Jensen"
}
@article{rigal_1978,
title="Stability analysis of some {F}inite {D}ifference schemes for the {N}avier-{S}tokes equations",
year = "1978",
journal = "International Journal for Numerical Methods in Engineering",
volume="12",
pages="1399-1405",
author="A. Rigal and G. Aleix",
doi = "10.1002/nme.1620120908"
}
@article{fornberg_2015, 
title="Solving {PDE}s with radial basis functions", 
volume={24}, 
DOI={10.1017/S0962492914000130}, 
journal={Acta Numerica}, 
author={Fornberg, Bengt and Flyer, Natasha}, 
year={2015}, 
pages={215–258}
}
@article{bollig_2012,
title = "Solution to {PDE}s using radial basis function finite-differences ({RBF-FD}) on multiple {GPU}s",
journal = "Journal of Computational Physics",
volume = "231",
number = "21",
pages = "7133 - 7151",
year = "2012",
doi = "10.1016/j.jcp.2012.06.030",
author = "Evan F. Bollig and Natasha Flyer and Gordon Erlebacher"
}
@article{flyer_2016_ns,
title = "Enhancing finite differences with radial basis functions: {E}xperiments on the {N}avier-{S}tokes equations",
journal = "Journal of Computational Physics",
volume = "316",
pages = "39-62",
year = "2016",
doi = "10.1016/j.jcp.2016.02.078",
author = "Natasha Flyer and Gregory A. Barnett and Louis J. Wicker"
}
@article{mishra_2019,
title = "A stabilized radial basis-finite difference ({RBF-FD}) method with hybrid kernels",
journal = "Computers \& Mathematics with Applications",
volume = "77",
number = "9",
pages = "2354 - 2368",
year = "2019",
doi = "10.1016/j.camwa.2018.12.027",
author = "Pankaj K. Mishra and Gregory E. Fasshauer and Mrinal K. Sen and Leevan Ling"
}
@article{bayona_2017,
title = "On the role of polynomials in {RBF-FD} approximations: {II}. {N}umerical solution of elliptic {PDE}s",
journal = "Journal of Computational Physics",
volume = "332",
pages = "257 - 273",
year = "2017",
issn = "0021-9991",
doi = "10.1016/j.jcp.2016.12.008",
author = "Victor Bayona and Natasha Flyer and Bengt Fornberg and Gregory A. Barnett"
}
@phdthesis{wright_2003,
 author = {Wright, Grady Barrett},
 title = {Radial Basis Function Interpolation: Numerical and Analytical Developments},
 year = {2003},
 note = {AAI3087597},
 publisher = {University of Colorado at Boulder},
 address = {Boulder, CO, USA}
} 
@Article{zhang_2004,
author="Zhang, G. M. and Batra, R. C.",
title="Modified smoothed particle hydrodynamics method and its application to transient problems",
journal="Computational Mechanics",
year="2004",
volume="34",
number="2",
pages="137--146",
doi="10.1007/s00466-004-0561-5"
}
@article{asprone_2011,
author = {Asprone, D. and Auricchio, F. and Reali, A.},
title = {Novel finite particle formulations based on projection methodologies},
journal = {International Journal for Numerical Methods in Fluids},
volume = {65},
number = {11‐12},
pages = {1376-1388},
doi = {10.1002/fld.2327},
year = {2011}
}
@article{asprone_2010,
author = {Asprone, D. and Auricchio, F. and Manfredi, G. and Prota, A. and Reali, A. and Sangalli, G.},
year={2010},
title={Particle Methods for a {1D} Elastic Model Problem: Error Analysis and Development of a Second-Order Accurate Formulation},
journal={Computer Modeling in Engineering \& Sciences}, 
volume={62},
number={1},
pages={1-21},
doi={10.3970/cmes.2010.062.001}
}
@article{liu_2005,
title = "Modeling incompressible flows using a finite particle method",
journal = "Applied Mathematical Modelling",
volume = "29",
number = "12",
pages = "1252 - 1270",
year = "2005",
doi = "10.1016/j.apm.2005.05.003",
author = "M.B. Liu and W.P. Xie and G.R. Liu"
}
@article{liu_1995,
author = {Liu, Wing Kam and Jun, Sukky and Li, Shaofan and Adee, Jonathan and Belytschko, Ted},
title = {Reproducing kernel particle methods for structural dynamics},
journal = {International Journal for Numerical Methods in Engineering},
volume = {38},
number = {10},
pages = {1655-1679},
doi = {10.1002/nme.1620381005},
year = {1995}
}
@article{liu_1995b,
author = {Liu, Wing Kam and Jun, Sukky and Zhang, Yi Fei},
title = {Reproducing kernel particle methods},
journal = {International Journal for Numerical Methods in Fluids},
volume = {20},
number = {8‐9},
pages = {1081-1106},
doi = {10.1002/fld.1650200824},
year = {1995}
}
@article{liu_2006,
title = "Restoring particle consistency in smoothed particle hydrodynamics",
journal = "Applied Numerical Mathematics",
volume = "56",
number = "1",
pages = "19-36",
year = "2006",
doi = "10.1016/j.apnum.2005.02.012",
author = "M.B. Liu and G.R. Liu",
}
@article{chen_1999,
author = {Chen, J. K. and Beraun, J. E. and Carney, T. C.},
title = {A corrective smoothed particle method for boundary value problems in heat conduction},
journal = {International Journal for Numerical Methods in Engineering},
volume = {46},
number = {2},
pages = {231-252},
doi = {10.1002/(SICI)1097-0207(19990920)46:2<231::AID-NME672>3.0.CO;2-K},
year = {1999}
}
@article{chen_2000,
title = "A generalized smoothed particle hydrodynamics method for nonlinear dynamic problems",
journal = "Computer Methods in Applied Mechanics and Engineering",
volume = "190",
number = "1",
pages = "225 - 239",
year = "2000",
doi = "10.1016/S0045-7825(99)00422-3",
author = "J.K. Chen and J.E. Beraun"
}
@article{benito_2007,
title = "Solving parabolic and hyperbolic equations by the generalized finite difference method",
journal = "Journal of Computational and Applied Mathematics",
volume = "209",
number = "2",
pages = "208 - 233",
year = "2007",
doi = "10.1016/j.cam.2006.10.090",
author = "J.J. Benito and F. Ureña and L. Gavete"
}
@article{gavete_2017,
title = "Solving second order non-linear elliptic partial differential equations using generalized finite difference method",
journal = "Journal of Computational and Applied Mathematics",
volume = "318",
pages = "378 - 387",
year = "2017",
doi = "10.1016/j.cam.2016.07.025",
author = "L. Gavete and F. Ureña and J.J. Benito and A. García and M. Ureña and E. Salete"
}
@article{perrone_1975,
title = "A general finite difference method for arbitrary meshes",
journal = "Computers \& Structures",
volume = "5",
number = "1",
pages = "45 - 57",
year = "1975",
doi = "10.1016/0045-7949(75)90018-8",
author = "Nicholas Perrone and Robert Kao"
}
@article{monaghan_2005,
title="{S}moothed {P}article {H}ydrodynamics",
journal="Reports on Progress in Physics",
volume="68",
year="2005",
pages="1703-1759",
doi="10.1088/0034-4885/68/8/R01",
author="J.J. Monaghan"
}
@article{gingold_1977,
author = {Gingold, R. A. and Monaghan, J. J.},
title = "{Smoothed particle hydrodynamics: theory and application to non-spherical stars}",
journal = {Monthly Notices of the Royal Astronomical Society},
volume = {181},
number = {3},
pages = {375-389},
year = {1977},
doi = {10.1093/mnras/181.3.375}
}
@article{kansa_1990a,
title = "Multiquadrics - {A} scattered data approximation scheme with applications to computational fluid-dynamics - {I} surface approximations and partial derivative estimates",
journal = "Computers \& Mathematics with Applications",
volume = "19",
number = "8",
pages = "127 - 145",
year = "1990",
doi = "10.1016/0898-1221(90)90270-T",
author = "E.J. Kansa"
}
@article{kansa_1990b,
title = "Multiquadrics - {A} scattered data approximation scheme with applications to computational fluid-dynamics - {II} solutions to parabolic, hyperbolic and elliptic partial differential equations",
journal = "Computers \& Mathematics with Applications",
volume = "19",
number = "8",
pages = "147 - 161",
year = "1990",
doi = "10.1016/0898-1221(90)90271-K",
author = "E.J. Kansa"
}
@article{hardy_1971,
author = {Hardy, Rolland L.},
title = {Multiquadric equations of topography and other irregular surfaces},
journal = {Journal of Geophysical Research (1896-1977)},
volume = {76},
number = {8},
pages = {1905-1915},
doi = {10.1029/JB076i008p01905},
year = {1971}
}
@article{fourtakas_2018,
title = "An {E}ulerian{-L}agrangian incompressible {SPH} formulation ({ELI-SPH}) connected with a sharp interface",
journal = "Computer Methods in Applied Mechanics and Engineering",
volume = "329",
pages = "532 - 552",
year = "2018",
doi = "10.1016/j.cma.2017.09.029",
author = "G. Fourtakas and P.K. Stansby and B.D. Rogers and S.J. Lind",
}
@article{sahil_2018,
author = {Garg, Sahil and Pant, Mohit},
title = {Meshfree Methods: A Comprehensive Review of Applications},
journal = {International Journal of Computational Methods},
volume = {15},
number = {04},
pages = {1830001},
year = {2018},
doi = {10.1142/S0219876218300015}
}
@article{dehnen_aly,
author = {Dehnen, Walter and Aly, Hossam},
title = "{Improving convergence in smoothed particle hydrodynamics simulations without pairing instability}",
journal = {Monthly Notices of the Royal Astronomical Society},
volume = {425},
number = {2},
pages = {1068-1082},
year = {2012},
doi = {10.1111/j.1365-2966.2012.21439.x}
}
@article{li_review_2002,
author = {Li , Shaofan  and Liu , Wing Kam },
title = "{Meshfree and particle methods and their applications}",
journal = {Applied Mechanics Reviews},
volume = {55},
number = {1},
pages = {1-34},
year = {2002},
doi = {10.1115/1.1431547}
}
@article{fornberg_2011,
title = "Stabilization of {RBF}-generated finite difference methods for convective {PDE}s",
journal = "Journal of Computational Physics",
volume = "230",
number = "6",
pages = "2270 - 2285",
year = "2011",
doi = "10.1016/j.jcp.2010.12.014",
author = "Bengt Fornberg and Erik Lehto",
}
@article{lele_1992,
title = "Compact finite difference schemes with spectral-like resolution",
journal = "Journal of Computational Physics",
volume = "103",
number = "1",
pages = "16 - 42",
year = "1992",
doi = "10.1016/0021-9991(92)90324-R",
author = "Sanjiva K. Lele"
}
@book{gottlieb_1977,
author="D. Gottlieb and S. A. Orszag",
title="Numerical analysis of spectral methods: theory and applications",
volume="26",
publisher={SIAM},
year="1977"
}
@article{trask_2017,
author = {Trask, Nathaniel. and Perego, Mauro. and Bochev, Pavel.},
title = "A {H}igh-{O}rder {S}taggered {M}eshless {M}ethod for {E}lliptic {P}roblems",
journal = {SIAM Journal on Scientific Computing},
volume = {39},
number = {2},
pages = {A479-A502},
year = {2017},
doi = {10.1137/16M1055992}
}
@article{trask_2018,
title = "A compatible high-order meshless method for the Stokes equations with applications to suspension flows",
journal = "Journal of Computational Physics",
volume = "355",
pages = "310 - 326",
year = "2018",
doi = "10.1016/j.jcp.2017.10.039",
author = "Nathaniel Trask and Martin Maxey and Xiaozhe Hu"
}
@book{wendland_2004,
  title={Scattered data approximation},
  author={Wendland, Holger},
  volume={17},
  year={2004},
  publisher={Cambridge university press}
}
@article{trefethen_2014,
author = {Trefethen, Lloyd N. and Weideman, J. A. C.},
title = {The Exponentially Convergent Trapezoidal Rule},
journal = {SIAM Review},
volume = {56},
number = {3},
pages = {385-458},
year = {2014},
doi = {10.1137/130932132}
}
@article{Guermond_1998,
author = {Guermond, J.-L. and Quartapelle, L.},
title = {On stability and convergence of projection methods based on pressure Poisson equation},
journal = {International Journal for Numerical Methods in Fluids},
volume = {26},
number = {9},
pages = {1039-1053},
doi = "10.1002/(SICI)1097-0363(19980515)26:9<1039::AID-FLD675>3.0.CO;2-U",
year = {1998}
}
@article{rempfer_2006,
author = {Rempfer, Dietmar},
title = "{On Boundary Conditions for Incompressible Navier-Stokes Problems}",
journal = {Applied Mechanics Reviews},
volume = {59},
number = {3},
pages = {107-125},
year = {2006},
doi = {10.1115/1.2177683}
}
@article{hopkins_2015,
author = {Hopkins, Philip F.},
title = "{A new class of accurate, mesh-free hydrodynamic simulation methods}",
journal = {Monthly Notices of the Royal Astronomical Society},
volume = {450},
number = {1},
pages = {53-110},
year = {2015},
doi = {10.1093/mnras/stv195}
}
@article{chiu_2012,
author = {Kwan-yu Chiu, Edmond and Wang, Qiqi and Hu, Rui and Jameson, Antony},
title = {A Conservative Mesh-Free Scheme and Generalized Framework for Conservation Laws},
journal = {SIAM Journal on Scientific Computing},
volume = {34},
number = {6},
pages = {A2896-A2916},
year = {2012},
doi = {10.1137/110842740}
}
@article{trask_2020,
title = "A conservative, consistent, and scalable meshfree mimetic method",
journal = "Journal of Computational Physics",
volume = "409",
pages = "109187",
year = "2020",
doi = "10.1016/j.jcp.2019.109187",
author = "Nathaniel Trask and Pavel Bochev and Mauro Perego"
}
@article{king_2020,
title = "High order difference schemes using the local anisotropic basis function method",
journal = "Journal of Computational Physics",
volume = "415",
pages = "109549",
year = "2020",
doi = "10.1016/j.jcp.2020.109549",
author = "J.R.C. King and S.J. Lind and A.M.A. Nasar"
}
@article{kennedy_2000,
title = "Low-storage, explicit {R}unge–{K}utta schemes for the compressible {N}avier–{S}tokes equations",
journal = "Applied Numerical Mathematics",
volume = "35",
number = "3",
pages = "177 - 219",
year = "2000",
doi = "10.1016/S0168-9274(99)00141-5",
author = "Christopher A. Kennedy and Mark H. Carpenter and R.Michael Lewis"
}
@article{sutherland_2003,
title = "Improved boundary conditions for viscous, reacting, compressible flows",
journal = "Journal of Computational Physics",
volume = "191",
number = "2",
pages = "502 - 524",
year = "2003",
doi = "10.1016/S0021-9991(03)00328-0",
author = "James C. Sutherland and Christopher A. Kennedy"
}
@article{poinsot_1992,
title = "Boundary conditions for direct simulations of compressible viscous flows",
journal = "Journal of Computational Physics",
volume = "101",
number = "1",
pages = "104 - 129",
year = "1992",
issn = "0021-9991",
doi = "10.1016/0021-9991(92)90046-2",
author = "T.J Poinsot and S.K Lele"
}
@techreport{cant_2013,
title = "{SENGA2} {U}ser {G}uide",
author = "R. S. Cant",
group = "{CFD} {L}aboratory",
institution = "Department of Engineering, University of Cambridge",
year = "2013",
month = "11",
number = "{CUED-THERMO}-2012/04",
edition = "2"
}
@article{kennedy_1994,
title = "Several new numerical methods for compressible shear-layer simulations",
journal = "Applied Numerical Mathematics",
volume = "14",
number = "4",
pages = "397 - 433",
year = "1994",
doi = "10.1016/0168-9274(94)00004-2",
author = "Christopher A. Kennedy and Mark H. Carpenter"
}
@incollection{brandenburg_2003,
author = {{Brandenburg}, Axel},
title = "{Computational aspects of astrophysical MHD and turbulence}",
keywords = {Astrophysics},
booktitle = {Advances in Nonlinear Dynamics},
year = 2003,
editor = {{Ferriz-Mas}, Antonio and {N{\'u}{\~n}ez}, Manuel},
pages = {269},
doi = {10.1201/9780203493137.ch9},
}
@article{meneveau_1996, 
title="A {L}agrangian dynamic subgrid-scale model of turbulence", 
volume={319}, 
DOI={10.1017/S0022112096007379}, 
journal={Journal of Fluid Mechanics}, 
publisher={Cambridge University Press}, 
author={Meneveau, Charles and Lund, Thomas S. and Cabot, William H.}, 
year={1996}, 
pages={353–385}
}
@article{germano_1991,
author = {Germano,Massimo  and Piomelli,Ugo  and Moin,Parviz  and Cabot,William H. },
title = {A dynamic subgrid‐scale eddy viscosity model},
journal = {Physics of Fluids A: Fluid Dynamics},
volume = {3},
number = {7},
pages = {1760-1765},
year = {1991},
doi = {10.1063/1.857955}
}
@article{kirby_2014, 
title={Bubble entrainment and liquid–bubble interaction under unsteady breaking waves}, 
volume={761}, 
DOI={10.1017/jfm.2014.637}, 
journal={Journal of Fluid Mechanics}, 
publisher={Cambridge University Press}, 
author={Derakhti, Morteza and Kirby, James T.}, 
year={2014}, 
pages={464–506}
}
@article{lakehal_2002,
author = { D. Lakehal and B. L. Smith and M. Milelli},
title = {Large-eddy simulation of bubbly turbulent shear flows},
journal = {Journal of Turbulence},
volume = {3},
pages = {N25},
year  = {2002},
doi = {10.1088/1468-5248/3/1/025}
}
@article{price_2012,
title = "Smoothed {P}article {H}ydrodynamics and magnetohydrodynamics",
journal = "Journal of Computational Physics",
volume = "231",
number = "3",
pages = "759 - 794",
year = "2012",
doi = "https://doi.org/10.1016/j.jcp.2010.12.011",
author = "D. J. Price"
}
@article{chorin_1968,
author="A. J. Chorin", 
title="Numerical solution of the {N}avier {S}tokes equations",
journal="Journal of Mathematical Computing",
volume="22",
year="1968",
pages="745-762"
}
@article{cummins_1999,
title = "An {SPH} Projection Method",
journal = "Journal of Computational Physics",
volume = "152",
number = "2",
pages = "584 - 607",
year = "1999",
doi = "10.1006/jcph.1999.6246",
author = "S. J. Cummins and M. Rudman"
}
@article{chow_2018,
title = "Incompressible {SPH} ({ISPH}) with fast {P}oisson solver on a {GPU}",
journal = "Computer Physics Communications",
volume = "226",
pages = "81 - 103",
year = "2018",
doi = "10.1016/j.cpc.2018.01.005",
author = "Alex D. Chow and Benedict D. Rogers and Steven J. Lind and Peter K. Stansby"
}
@article{xenakis_2015,
author = {Xenakis, A.M. and Lind, S.J. and Stansby, P.K. and Rogers, B.D.},
doi = {10.1016/j.jnnfm.2015.01.006},
journal = {Journal of Non-Newtonian Fluid Mechanics},
pages = {1-15},
title = "An incompressible {SPH} scheme with improved pressure predictions for free-surface generalised {N}ewtonian flows",
volume = {218},
year = {2015}
}
@article{ma_2011,
author = {Ma, Gangfeng and Shi, Fengyan and Kirby, James T.},
title = {A polydisperse two-fluid model for surf zone bubble simulation},
journal = {Journal of Geophysical Research: Oceans},
volume = {116},
number = {C5},
pages = {},
doi = {10.1029/2010JC006667},
year = {2011}
}
@article{dimascio_2017,
author = {Di Mascio,A.  and Antuono,M.  and Colagrossi,A.  and Marrone,S. },
title = {Smoothed particle hydrodynamics method from a large eddy simulation perspective},
journal = {Physics of Fluids},
volume = {29},
number = {3},
pages = {035102},
year = {2017},
doi = {10.1063/1.4978274}
}
@article{maeda_2018,
title = "{E}ulerian–{L}agrangian method for simulation of cloud cavitation",
journal = {Journal of Computational Physics},
volume = {371},
pages = {994-1017},
year = {2018},
doi = {10.1016/j.jcp.2018.05.029},
author = {Kazuki Maeda and Tim Colonius},
}
@article{fuster_2011,
title={Modelling bubble clusters in compressible liquids},
author={Fuster, Daniel and Colonius, Tim},
journal={Journal of Fluid Mechanics},
volume={688},
pages={352--389},
year={2011},
doi="10.1017/jfm.2011.380" 
}
@article{tomar_2010,
title = {Multiscale simulations of primary atomization},
journal = {Computers \& Fluids},
volume = {39},
number = {10},
pages = {1864-1874},
year = {2010},
doi = {10.1016/j.compfluid.2010.06.018},
author = {Gaurav Tomar and Daniel Fuster and Stéphane Zaleski and Stéphane Popinet}
}
@article{edelbauer_2017,
title = "{N}umerical simulation of cavitating injector flow and liquid spray break-up by combination of {E}ulerian–{E}ulerian and {V}olume-of-{F}luid methods",
journal = {Computers \& Fluids},
volume = {144},
pages = {19-33},
year = {2017},
doi = {10.1016/j.compfluid.2016.11.019},
author = {W. Edelbauer}
}
@article{dumond_2013,
author = {Dumond,J.  and Magagnato,F.  and Class,A. },
title = {Stochastic-field cavitation model},
journal = {Physics of Fluids},
volume = {25},
number = {7},
pages = {073302},
year = {2013},
doi = {10.1063/1.4813813}
}
@article{martinez_2010,
title={Considerations on bubble fragmentation models}, 
volume={661}, 
DOI={10.1017/S0022112010003186}, 
journal={Journal of Fluid Mechanics}, 
author={Martínez-Bazán, C. and Rodríguez-Rodríguez, J. and Deane, G. B. and Montañes, J. L. and Lasheras, J. C.},
year={2010}, 
pages={159–177}
}
@article{risso_1998, 
title={Oscillations and breakup of a bubble immersed in a turbulent field}, 
volume={372}, 
DOI={10.1017/S0022112098002705}, 
journal={Journal of Fluid Mechanics},
author={Risso, F. and Fabre, J.}, 
year={1998}, 
pages={323–355}
}
@article{zhang_2005,
title = {Eulerian–Lagrangian simulations of liquid–gas–solid flows in three-phase slurry reactors},
journal = {Chemical Engineering Science},
volume = {60},
number = {18},
pages = {5089-5104},
year = {2005},
doi = {10.1016/j.ces.2005.04.033},
author = {Xinyu Zhang and Goodarz Ahmadi}
}
@article{doubliez_1991,
title = {The drainage and rupture of a non-foaming liquid film formed upon bubble impact with a free surface},
journal = {International Journal of Multiphase Flow},
volume = {17},
number = {6},
pages = {783-803},
year = {1991},
doi = {10.1016/0301-9322(91)90056-9},
author = {L. Doubliez}
}
@article{olsen_2017,
title = "{VLES} turbulence model for an Eulerian–Lagrangian modeling concept for bubble plumes",
journal = {Applied Mathematical Modelling},
volume = {44},
pages = {61-71},
year = {2017},
doi = {10.1016/j.apm.2017.01.031},
author = {Jan Erik Olsen and Paal Skjetne and Stein Tore Johansen}
}
@article{pope_1994,
author = {Pope, S B},
title = {Lagrangian PDF Methods for Turbulent Flows},
journal = {Annual Review of Fluid Mechanics},
volume = {26},
number = {1},
pages = {23-63},
year = {1994},
doi = {10.1146/annurev.fl.26.010194.000323}
}
@book{pope_2000,
title={Turbulent flows},
author={Pope, Stephen B},
year={2000},
publisher={Cambridge university press}
}
@misc{bhuiyan_2020,
title={Subgrid-scale energy transfer and associated coherent structures in turbulent flow over a forest-like canopy}, 
author={Md. Abdus Samad Bhuiyan and Jahrul M Alam},
year={2020},
eprint={2010.01463},
archivePrefix={arXiv},
primaryClass={physics.flu-dyn}
}
@article{deardorff_1970, 
title={A numerical study of three-dimensional turbulent channel flow at large Reynolds numbers}, 
volume={41}, 
DOI={10.1017/S0022112070000691}, 
number={2}, 
journal={Journal of Fluid Mechanics}, 
author={Deardorff, James W.}, 
year={1970}, 
pages={453–480}
}
@article{breuer_2017,
title = {Influence of a cost–efficient Langevin subgrid-scale model on the dispersed phase of large–eddy simulations of turbulent bubble–laden and particle–laden flows},
journal = {International Journal of Multiphase Flow},
volume = {89},
pages = {23-44},
year = {2017},
doi = {10.1016/j.ijmultiphaseflow.2016.10.007},
author = {M. Breuer and F. Hoppe},
}
@article{pozorski_2009,
title = {Filtered particle tracking in isotropic turbulence and stochastic modeling of subgrid-scale dispersion},
journal = {International Journal of Multiphase Flow},
volume = {35},
number = {2},
pages = {118-128},
year = {2009},
doi = {10.1016/j.ijmultiphaseflow.2008.10.005},
author = {Jacek Pozorski and Sourabh V. Apte}
}
@article{king_2021,
title = {High Weissenberg number simulations with incompressible Smoothed Particle Hydrodynamics and the log-conformation formulation},
journal = {Journal of Non-Newtonian Fluid Mechanics},
volume = {293},
pages = {104556},
year = {2021},
doi = {10.1016/j.jnnfm.2021.104556},
author = {J.R.C. King and S.J. Lind},
}
@article{molin_2012,
title = {Turbulence modulation and microbubble dynamics in vertical channel flow},
journal = {International Journal of Multiphase Flow},
volume = {42},
pages = {80-95},
year = {2012},
doi = {10.1016/j.ijmultiphaseflow.2012.01.010},
author = {D. Molin and C. Marchioli and A. Soldati}
}
@article{sanada_2005,
title = {Effects of viscosity on coalescence of a bubble upon impact with a free surface},
journal = {Chemical Engineering Science},
volume = {60},
number = {19},
pages = {5372-5384},
year = {2005},
doi = {10.1016/j.ces.2005.04.077},
author = {Toshiyuki Sanada and Masao Watanabe and Tohru Fukano}
}
@article{sunol_2010,
title = {Rise, bouncing and coalescence of bubbles impacting at a free surface},
journal = {Colloids and Surfaces A: Physicochemical and Engineering Aspects},
volume = {365},
number = {1},
pages = {36-42},
year = {2010},
doi = {10.1016/j.colsurfa.2010.01.032},
author = {Francesc Suñol and Ricard González-Cinca}
}
@article{carlos_2005,
author = {C. Rosales and C. Meneveau},
title = {Linear forcing in numerical simulations of isotropic turbulence: Physical space implementations and convergence properties},
journal = {Physics of Fluids},
volume = {17},
number = {9},
pages = {095106},
year = {2005},
doi = {10.1063/1.2047568}
}
@incollection{lundgren_2003,
title={Linearly forced isotropic turbulence},
author={Lundgren, Thomas S},
booktitle={Annual Research Briefs},
publisher={Center for Turbulence Research, Stanford},
pages={461-473},
year={2003},
}
@article{mazzitelli_2003b, 
title={On the relevance of the lift force in bubbly turbulence}, 
volume={488}, 
DOI={10.1017/S0022112003004877}, 
journal={Journal of Fluid Mechanics}, 
publisher={Cambridge University Press}, 
author={Mazzitelli, IRENE M. and Lohse, DETLEF and Toschi, FEDERICO}, 
year={2003}, 
pages={283–313}
}
@article{mazzitelli_2003,
author = {Mazzitelli,Irene M.  and Lohse,Detlef  and Toschi,Federico },
title = {The effect of microbubbles on developed turbulence},
journal = {Physics of Fluids},
volume = {15},
number = {1},
pages = {L5-L8},
year = {2003},
doi = {10.1063/1.1528619}
}
@article{scott_1975,
title = {The role of salt in whitecap persistence},
journal = {Deep Sea Research and Oceanographic Abstracts},
volume = {22},
number = {10},
pages = {653-657},
year = {1975},
doi = {10.1016/0011-7471(75)90002-9},
author = {John C. Scott}
}
@article{modini_2013,
title={Effect of soluble surfactant on bubble persistence and bubble-produced aerosol particles},
author={Modini, RL and Russell, LM and Deane, GB and Stokes, MD},
journal={Journal of Geophysical Research: Atmospheres},
volume={118},
number={3},
pages={1388--1400},
year={2013},
}
@article{castro_2016,
title = {A mechanistic model of bubble entrainment in turbulent free surface flows},
journal = {International Journal of Multiphase Flow},
volume = {86},
pages = {35-55},
year = {2016},
doi = {j.ijmultiphaseflow.2016.07.005},
author = {Alejandro M. Castro and Jiajia Li and Pablo M. Carrica}
}
@article{mostert_2022, 
title={High-resolution direct simulation of deep water breaking waves: transition to turbulence, bubbles and droplets production}, 
volume={942}, 
DOI={10.1017/jfm.2022.330}, 
journal={Journal of Fluid Mechanics}, 
author={Mostert, W. and Popinet, S. and Deike, L.}, 
year={2022}, 
pages={A27}
}
@article{riviere_2021, 
title={Sub-Hinze scale bubble production in turbulent bubble break-up}, 
volume={917}, 
DOI={10.1017/jfm.2021.243}, 
journal={Journal of Fluid Mechanics},
author={Rivière, Aliénor and Mostert, Wouter and Perrard, Stéphane and Deike, Luc}, 
year={2021}, 
pages={A40}
}
@article{chan_2020,
title="Cascade-based {E}ulerian-to-{L}agrangian subgrid-scale modeling of bubble breakup in breaking waves",
author="Chan, WHR and Lozano-Dur{\'a}n, A and Moin, P",
journal={Center for Turbulence Research Annual Research Briefs, Stanford University},
year={2020}
}
@article{chan_2021a, 
title="The turbulent bubble break-up cascade. {P}art 1. {T}heoretical developments", 
volume={912}, 
DOI={10.1017/jfm.2020.1083}, 
journal={Journal of Fluid Mechanics}, 
author={Chan, Wai Hong Ronald and Johnson, Perry L. and Moin, Parviz}, 
year={2021}, 
pages={A42}
}
@article{chan_2021b, 
title="The turbulent bubble break-up cascade. {P}art 2. {N}umerical simulations of breaking waves", 
volume={912}, 
DOI={10.1017/jfm.2020.1084}, 
journal={Journal of Fluid Mechanics},
author={Chan, Wai Hong Ronald and Johnson, Perry L. and Moin, Parviz and Urzay, Javier}, 
year={2021}, 
pages={A43}
}
@article{finn_2011,
author = {Finn,Justin  and Shams,Ehsan  and Apte,Sourabh V. },
title = {Modeling and simulation of multiple bubble entrainment and interactions with two dimensional vortical flows},
journal = {Physics of Fluids},
volume = {23},
number = {2},
pages = {023301},
year = {2011},
doi = {10.1063/1.3541813},
}
@article{martinez_1999a, 
title="On the breakup of an air bubble injected into a fully developed turbulent flow. {P}art 1. {B}reakup frequency",
volume={401},
DOI={10.1017/S0022112099006680}, 
journal={Journal of Fluid Mechanics}, 
author={Martínez-Bazán, C. and Montañes, J. L. and Lasheras, J. C.}, 
year={1999}, 
pages={157–182}
}
@article{martinez_1999b, 
title="On the breakup of an air bubble injected into a fully developed turbulent flow. {P}art 2. {S}ize {PDF} of the resulting daughter bubbles", 
volume={401}, 
DOI={10.1017/S0022112099006692}, 
journal={Journal of Fluid Mechanics}, 
author={Martínez-Bazán, C. and Montañes, J. L. and Lasheras, J. C.}, 
year={1999}, 
pages={183–207}
}
@article{antuono_2021,
author = {Antuono,M.  and Marrone,S.  and Di Mascio,A.  and Colagrossi,A. },
title = "Smoothed particle hydrodynamics method from a large eddy simulation perspective. {G}eneralization to a quasi-{L}agrangian model",
journal = {Physics of Fluids},
volume = {33},
number = {1},
pages = {015102},
year = {2021},
doi = {10.1063/5.0034568}
}
@article{antuono_2020, 
title="Tri-periodic fully three-dimensional analytic solutions for the {N}avier–{S}tokes equations",
volume={890}, 
DOI={10.1017/jfm.2020.126}, 
journal={Journal of Fluid Mechanics}, 
publisher={Cambridge University Press},
author={Antuono, Matteo}, 
year={2020}, 
pages={A23}
}
@article{fraga_2016,
title = "A {LES}-based {E}ulerian–{L}agrangian approach to predict the dynamics of bubble plumes",
journal = {Ocean Modelling},
volume = {97},
pages = {27-36},
year = {2016},
doi = {10.1016/j.ocemod.2015.11.005},
author = {Bruño Fraga and Thorsten Stoesser and Chris C.K. Lai and Scott A. Socolofsky}
}
@article{deike_2016, 
title={Air entrainment and bubble statistics in breaking waves}, 
volume={801},
DOI={10.1017/jfm.2016.372}, 
journal={Journal of Fluid Mechanics}, 
author={Deike, Luc and Melville, W. Kendall and Popinet, Stéphane}, 
year={2016}, 
pages={91–129}
}
@misc{ruth_2022,
doi = {10.48550/ARXIV.2202.07528}, 
url = {https://arxiv.org/abs/2202.07528}, 
author = {Ruth, Daniel J. and Aiyer, Aditya K. and Rivière, Aliénor and Perrard, Stéphane and Deike, Luc},
title = {Experimental observations and modeling of sub-Hinze bubble production by turbulent bubble break-up},
publisher = {arXiv}, 
year = {2022}
}
@article{deike_2015, 
title={Capillary effects on wave breaking}, 
volume={769}, 
DOI={10.1017/jfm.2015.103}, 
journal={Journal of Fluid Mechanics},
author={Deike, Luc and Popinet, Stephane and Melville, W. Kendall}, 
year={2015}, 
pages={541–569}
}
@article{sato_1975,
title = {Liquid velocity distribution in two-phase bubble flow},
journal = {International Journal of Multiphase Flow},
volume = {2},
number = {1},
pages = {79-95},
year = {1975},
doi = {10.1016/0301-9322(75)90030-0},
author = {Y. Sato and K. Sekoguchi}
}
@article{lubin_2006,
title = {Three-dimensional Large Eddy Simulation of air entrainment under plunging breaking waves},
journal = {Coastal Engineering},
volume = {53},
number = {8},
pages = {631-655},
year = {2006},
doi = {10.1016/j.coastaleng.2006.01.001},
author = {Pierre Lubin and Stéphane Vincent and Stéphane Abadie and Jean-Paul Caltagirone}
}
@article{laibe_2012,
author = {Laibe, Guillaume and Price, Daniel J.},
title = "{Dusty gas with smoothed particle hydrodynamics – I. Algorithm and test suite}",
journal = {Monthly Notices of the Royal Astronomical Society},
volume = {420},
number = {3},
pages = {2345-2364},
year = {2012},
doi = {10.1111/j.1365-2966.2011.20202.x}
}
@article{fonty_2019,
title = {Mixture model for two-phase flows with high density ratios: A conservative and realizable SPH formulation},
journal = {International Journal of Multiphase Flow},
volume = {111},
pages = {158-174},
year = {2019},
doi = {10.1016/j.ijmultiphaseflow.2018.11.007},
author = {Thomas Fonty and Martin Ferrand and Agnès Leroy and Antoine Joly and Damien Violeau},
}
@article{hammani_2020,
title = "Detailed study on the extension of the $\delta$-{SPH} model to multi-phase flow",
journal = {Computer Methods in Applied Mechanics and Engineering},
volume = {368},
pages = {113189},
year = {2020},
issn = {0045-7825},
doi = {10.1016/j.cma.2020.113189},
author = {I. Hammani and S. Marrone and A. Colagrossi and G. Oger and D. {Le Touzé}},
}
@article{deane_2002,
title="Scale dependence of bubble creation mechanisms in breaking waves",
year="2002",
journal="Nature",
doi="10.1038/nature00967",
pages="839-844",
volume="418",
author="G. B. Deane and M. D. Stokes"
}
@article{fonty_2020,
title={Air Entrainment Modeling in the SPH Method: A Two-Phase Mixture Formulation with Open Boundaries},
journal="Flow, Turbulence and Combustion",
year="2020",
author="T. Fonty and M. Ferrand and A. Leroy and D. Violeau",
volume="105",
pages="1149-1195",
doi="10.1007/s10494-020-00165-7"
}
@article{becker_1994,
title = {Gas—liquid flow in bubble columns and loop reactors: Part II. Comparison of detailed experiments and flow simulations},
journal = {Chemical Engineering Science},
volume = {49},
number = {24, Part 2},
pages = {5747-5762},
year = {1994},
doi = {10.1016/0009-2509(94)00290-8},
author = {S. Becker and A. Sokolichin and G. Eigenberger}
}
@article{khayyer_2016,
author = {Khayyer, Abbas  and Gotoh, Hitoshi },
title = "{A Multiphase Compressible-Incompressible Particle Method for Water Slamming}",
journal = {International Journal of Offshore and Polar Engineering},
volume = {26},
number = {01},
pages = {20-25},
year = {2016},
doi = {10.17736/ijope.2016.mk42}
}
@article{khayyer_2009,
title = "Modified {M}oving {P}article {S}emi-implicit methods for the prediction of {2D} wave impact pressure",
journal = {Coastal Engineering},
volume = {56},
number = {4},
pages = {419-440},
year = {2009},
doi = {10.1016/j.coastaleng.2008.10.004},
author = {A. Khayyer and H. Gotoh}
}
@book{batchelor,
title={The theory of homogeneous turbulence},
author={Batchelor, George Keith},
year={1953},
publisher={Cambridge university press}
}
@article{chen_1999wave,
author = {Chen,Gang  and Kharif,Christian  and Zaleski,Stéphane  and Li,Jie },
title = "Two-dimensional {N}avier–{S}tokes simulation of breaking waves",
journal = {Physics of Fluids},
volume = {11},
number = {1},
pages = {121-133},
year = {1999},
doi = {10.1063/1.869907}
}
@article{guo_2018,
title = "New massively parallel scheme for {I}ncompressible {S}moothed {P}article {H}ydrodynamics ({ISPH}) for highly nonlinear and distorted flow",
journal = {Computer Physics Communications},
volume = {233},
pages = {16-28},
year = {2018},
doi = {10.1016/j.cpc.2018.06.006},
author = {Xiaohu Guo and Benedict D. Rogers and Steven Lind and Peter K. Stansby}
}
@article{pfleger_2001,
title = {Modelling and simulation of the dynamic flow behaviour in a bubble column},
journal = {Chemical Engineering Science},
volume = {56},
number = {4},
pages = {1737-1747},
year = {2001},
doi = {10.1016/S0009-2509(00)00403-6},
author = {D. Pfleger and S. Becker}
}
@article{sokolichin_1994,
title = "Gas—liquid flow in bubble columns and loop reactors: {P}art {I}. {D}etailed modelling and numerical simulation",
journal = {Chemical Engineering Science},
volume = {49},
number = {24, Part 2},
pages = {5735-5746},
year = {1994},
doi = {10.1016/0009-2509(94)00289-4},
author = {A. Sokolichin and G. Eigenberger}
}
@article{lilly_1992,
author = {Lilly,D. K. },
title = "A proposed modification of the {G}ermano subgrid‐scale closure method",
journal = {Physics of Fluids A: Fluid Dynamics},
volume = {4},
number = {3},
pages = {633-635},
year = {1992},
doi = {10.1063/1.858280}
}
@article{poulain_2018, 
title={Ageing and burst of surface bubbles}, 
volume={851}, 
DOI={10.1017/jfm.2018.471}, 
journal={Journal of Fluid Mechanics},
author={Poulain, S. and Villermaux, E. and Bourouiba, L.}, 
year={2018}, 
pages={636–671}
}
@article{iafrati_2009, 
title={Numerical study of the effects of the breaking intensity on wave breaking flows}, 
volume={622}, 
DOI={10.1017/S0022112008005302}, 
journal={Journal of Fluid Mechanics}, 
author={Iafrati, A.}, 
year={2009}, 
pages={371–411}
}
@article{fraga_2016b,
author = {Fraga, Bruño and Stoesser, Thorsten},
title = {Influence of bubble size, diffuser width, and flow rate on the integral behavior of bubble plumes},
journal = {Journal of Geophysical Research: Oceans},
volume = {121},
number = {6},
pages = {3887-3904},
doi = {10.1002/2015JC011381},
year = {2016}
}
@article{debruyn_1997,
title = {Diffusivity of methyl bromide in water},
journal = {Marine Chemistry},
volume = {57},
number = {1},
pages = {55-59},
year = {1997},
doi = {10.1016/S0304-4203(96)00092-8},
author = "Warren J. {De Bruyn} and Eric S. Saltzman",
}
@article{monaghan_1994,
title = "Simulating Free Surface Flows with {SPH}",
journal = {Journal of Computational Physics},
volume = {110},
number = {2},
pages = {399-406},
year = {1994},
doi = {10.1006/jcph.1994.1034},
author = {J.J. Monaghan},
}
@article{farahani_2014,
title = {Three-dimensional reversed horseshoe vortex structures under broken solitary waves},
journal = {Coastal Engineering},
volume = {91},
pages = {261-279},
year = {2014},
doi = {10.1016/j.coastaleng.2014.06.006},
author = {Rozita J. Farahani and Robert A. Dalrymple},
}
@article{dalrymple_2006,
title = "Numerical modeling of water waves with the {SPH} method",
journal = {Coastal Engineering},
volume = {53},
number = {2},
pages = {141-147},
year = {2006},
doi = {10.1016/j.coastaleng.2005.10.004},
author = {R.A. Dalrymple and B.D. Rogers},
}
@article{nadaoka_1989, 
title={Structure of the turbulent flow field under breaking waves in the surf zone},
 volume={204}, 
DOI={10.1017/S0022112089001783}, 
journal={Journal of Fluid Mechanics}, 
author={Nadaoka, Kazuo and Hino, Mikio and Koyano, Yoshiji}, 
year={1989}, 
pages={359–387}
}

@article{ye_2022,
title="Experimental study of non-uniform bubbles in a plume",
author={Ye, Xin-Wei and Zhou, Hao-Jie and Shao, Dong-Dong and Niu, Xiao-Jing},
year={2022},
journal="Journal of Hydrodynamics",
pages="116-124",
volume="34",
number="1",
doi="10.1007/s42241-022-0012-9"
}
@article{cloete_2009,
title = "{CFD} modeling of plume and free surface behavior resulting from a sub-sea gas release",
journal = {Applied Ocean Research},
volume = {31},
number = {3},
pages = {220-225},
year = {2009},
doi = {10.1016/j.apor.2009.09.005},
author = {Schalk Cloete and Jan Erik Olsen and Paal Skjetne}
}
@article{pan_2021,
title = {On the turbulence modelling of bubble plumes},
journal = {Chemical Engineering Science},
volume = {229},
pages = {116059},
year = {2021},
doi = {10.1016/j.ces.2020.116059},
author = {Qingqing Pan and Stein Tore Johansen and Jan Erik Olsen and Mark Reed and Lars Roar Sætran},
}
@article{rapp_1990,
author = {Rapp, R. J.  and Melville, W. K.  and Longuet-Higgins, Michael Selwyn },
title = {Laboratory measurements of deep-water breaking waves},
journal = {Philosophical Transactions of the Royal Society of London. Series A, Mathematical and Physical Sciences},
volume = {331},
number = {1622},
pages = {735-800},
year = {1990},
doi = {10.1098/rsta.1990.0098}
}
@article{dualsphysics,
author="Domínguez, J. M. and Fourtakas, G. and Altomare, C. and Canelas, R. B. and Tafuni, A. and García-Feal, O. and Martínez-Estévez, I. and Mokos, A. and Vacondio, R. and Crespo, A. J. C. and Rogers, B. D. and Stansby, P. K. and Gómez-Gesteira, M.",
year="2021",
title="{D}ual{SPH}ysics: from fluid dynamics to multiphysics problems",
journal="Computational Particle Mechanics",
doi="10.1007/s40571-021-00404-2",
}
@article{zhang_2015,
title = "An {SPH} modeling of bubble rising and coalescing in three dimensions",
journal = {Computer Methods in Applied Mechanics and Engineering},
volume = {294},
pages = {189-209},
year = {2015},
doi = {10.1016/j.cma.2015.05.014},
author = {Aman Zhang and Pengnan Sun and Furen Ming},
}
@article{sun_2021,
title = "An accurate {SPH} {V}olume {A}daptive {S}cheme for modeling strongly-compressible multiphase flows. {P}art 1: {N}umerical scheme and validations with basic 1{D} and 2{D} benchmarks",
journal = {Journal of Computational Physics},
volume = {426},
pages = {109937},
year = {2021},
doi = {10.1016/j.jcp.2020.109937},
author = "P.-N. Sun and D. {Le Touzé} and G. Oger and A.-M. Zhang",
}
@article{monaghan_1995,
title = "{SPH} simulation of multi-phase flow",
journal = {Computer Physics Communications},
volume = {87},
number = {1},
pages = {225-235},
year = {1995},
doi = {10.1016/0010-4655(94)00174-Z},
author = {J.J. Monaghan and A. Kocharyan}
}
@incollection{maddison_1996,
title="Simulating Dusty Gas Using {SPH}",
author={Maddison, ST and Monaghan, JJ},
booktitle={The Role of Dust in the Formation of Stars},
pages={377--381},
year={1996},
publisher={Springer}
}
@book{clift_1978,
title={Bubbles, Drops and Particles},
author={Clift, R and Grace, JR and Weber, ME},
year={1978},
publisher={Academic Press, New York}
}
@article{skillen_2013,
title = "{I}ncompressible smoothed particle hydrodynamics ({SPH}) with reduced temporal noise and generalised {F}ickian smoothing applied to body–water slam and efficient wave–body interaction",
journal = {Computer Methods in Applied Mechanics and Engineering},
volume = {265},
pages = {163-173},
year = {2013},
doi = {10.1016/j.cma.2013.05.017},
author = {Alex Skillen and Steven Lind and Peter K. Stansby and Benedict D. Rogers}
}
@article{bonmarin_1989, 
title={Geometric properties of deep-water breaking waves}, 
volume={209},
doi={10.1017/S0022112089003162}, 
journal={Journal of Fluid Mechanics},
author={Bonmarin, P.},
year={1989}, 
pages={405–433}
}
@article{landrini_2007, 
title={Gridless simulations of splashing processes and near-shore bore propagation}, 
volume={591}, 
DOI={10.1017/S0022112007008142}, 
journal={Journal of Fluid Mechanics}, 
author={Landrini, M. and Colagrossi, A. and Greco, M. and Tulin, M. P.}, 
year={2007}, 
pages={183–213}
}
@article{christensen_2006,
title = {Large eddy simulation of spilling and plunging breakers},
journal = {Coastal Engineering},
volume = {53},
number = {5},
pages = {463-485},
year = {2006},
issn = {0378-3839},
doi = {10.1016/j.coastaleng.2005.11.001},
author = {Erik Damgaard Christensen}
}
@article{christensen_2001,
title = {Large eddy simulation of breaking waves},
journal = {Coastal Engineering},
volume = {42},
number = {1},
pages = {53-86},
year = {2001},
doi = {10.1016/S0378-3839(00)00049-1},
author = {Erik Damgaard Christensen and Rolf Deigaard}
}
@article{king_2022,
title = {High-order simulations of isothermal flows using the local anisotropic basis function method (LABFM)},
journal = {Journal of Computational Physics},
volume = {449},
pages = {110760},
year = {2022},
doi = {https://doi.org/10.1016/j.jcp.2021.110760},
author = {J.R.C. King and S.J. Lind}
}
@article{wood_2020,
author = {Wood, Brian D. and He, Xiaoliang and Apte, Sourabh V.},
title = {Modeling Turbulent Flows in Porous Media},
journal = {Annual Review of Fluid Mechanics},
volume = {52},
number = {1},
pages = {171-203},
year = {2020},
doi = {10.1146/annurev-fluid-010719-060317}
}
@article{vanrees_2011,
title = "A comparison of vortex and pseudo-spectral methods for the simulation of periodic vortical flows at high {R}eynolds numbers",
journal = {Journal of Computational Physics},
volume = {230},
number = {8},
pages = {2794-2805},
year = {2011},
doi = {10.1016/j.jcp.2010.11.031},
author = {Wim M. {van Rees} and Anthony Leonard and D.I. Pullin and Petros Koumoutsakos},
}
@article{wang_2013,
author = {Wang, Z.J. and Fidkowski, Krzysztof and Abgrall, Rémi and Bassi, Francesco and Caraeni, Doru and Cary, Andrew and Deconinck, Herman and Hartmann, Ralf and Hillewaert, Koen and Huynh, H.T. and Kroll, Norbert and May, Georg and Persson, Per-Olof and van Leer, Bram and Visbal, Miguel},
title = {High-order CFD methods: current status and perspective},
journal = {International Journal for Numerical Methods in Fluids},
volume = {72},
number = {8},
pages = {811-845},
doi = {10.1002/fld.3767},
year = {2013}
}
@article{cant_2022,
title = {An unstructured adaptive mesh refinement approach for computational fluid dynamics of reacting flows},
journal = {Journal of Computational Physics},
volume = {468},
pages = {111480},
year = {2022},
doi = {10.1016/j.jcp.2022.111480},
author = {R.S. Cant and U. Ahmed and J. Fang and N. Chakarborty and G. Nivarti and C. Moulinec and D.R. Emerson},
}
@article{domingo_2022,
title = {Recent developments in DNS of turbulent combustion},
journal = {Proceedings of the Combustion Institute},
year = {2022},
doi = {10.1016/j.proci.2022.06.030},
author = {Pascale Domingo and Luc Vervisch}
}
@article{zirwes_2020,
author = {T. Zirwes and F. Zhang and P. Habisreuther and M. Hansinger and H. Bockhorn and M. Pfitzner and D. Trimis},
year={2020},
title={Quasi-DNS Dataset of a Piloted Flame with Inhomogeneous Inlet Conditions},
journal={Flow, Turbulence and Combustion},
pages={997-1027},
volume={104},
issue="4",
doi="10.1007/s10494-019-0008-5"
}
@techreport{cant_2012,
author={R.S. Cant},
title={SENGA2 User Guide},
number={CUED–THERMO–2012/04},
institution={Cambridge University Engineering Department},
year={2012}
}
@misc{cantera,
author = {David G. Goodwin and Harry K. Moffat and Ingmar Schoegl and Raymond L. Speth and Bryan W. Weber},
title = {Cantera: An Object-oriented Software Toolkit for Chemical Kinetics, Thermodynamics, and Transport Processes},
year = "2022",
note = "Version 2.6.0",
howpublished = "\url{https://www.cantera.org}",
doi = {10.5281/zenodo.6387882}
}
@misc{sandiego,
title={Chemical-Kinetic Mechanisms for Combustion Applications},
author={University of California at San Diego},
year={2016},
publisher={Mechanical and Aerospace Engineering (Combustion Research)},
howpublished="\url{https://combustion.ucsd.edu}"
}
@article{lee_2015,
title = {Dynamics of bluff-body-stabilized premixed hydrogen/air flames in a narrow channel},
journal = {Combustion and Flame},
volume = {162},
number = {6},
pages = {2602-2609},
year = {2015},
doi = {10.1016/j.combustflame.2015.03.009},
author = {Bok Jik Lee and Chun Sang Yoo and Hong G. Im}
}
@article{kim_2021,
title = {Explosive dynamics of bluff-body-stabilized lean premixed hydrogen flames at blow-off},
journal = {Proceedings of the Combustion Institute},
volume = {38},
number = {2},
pages = {2265-2274},
year = {2021},
doi = {10.1016/j.proci.2020.06.071},
author = {Yu Jeong Kim and Wonsik Song and Francisco E. {Hernández Pérez} and Hong G. Im}
}
@article{vance_2019,
title = {Effect of Lewis number on premixed laminar lean-limit flames stabilized on a bluff body},
journal = {Proceedings of the Combustion Institute},
volume = {37},
number = {2},
pages = {1663-1672},
year = {2019},
doi = {10.1016/j.proci.2018.07.072},
author = {F.H. Vance and Y. Shoshin and J.A. {van Oijen} and L.P.H. {de Goey}}
}
@article{kedia_2014,
title = {The anchoring mechanism of a bluff-body stabilized laminar premixed flame},
journal = {Combustion and Flame},
volume = {161},
number = {9},
pages = {2327-2339},
year = {2014},
doi = {10.1016/j.combustflame.2014.02.005},
author = {Kushal S. Kedia and Ahmed F. Ghoniem}
}
@article{li_2004,
author = {Li, Juan and Zhao, Zhenwei and Kazakov, Andrei and Dryer, Frederick L.},
title = {An updated comprehensive kinetic model of hydrogen combustion},
journal = {International Journal of Chemical Kinetics},
volume = {36},
number = {10},
pages = {566-575},
doi = {10.1002/kin.20026},
year = {2004}
}
@article{giacomazzi_2008,
author = { E.   Giacomazzi  and  F. R.   Picchia  and  N.   Arcidiacono },
title = {A review of chemical diffusion: Criticism and limits of simplified methods for diffusion coefficient calculation},
journal = {Combustion Theory and Modelling},
volume = {12},
number = {1},
pages = {135-158},
year  = {2008},
doi = {10.1080/13647830701550370}
}
@book{hirschfelder_curtiss,
author = {J. O. Hirschfelder  and C. F. Curtiss and R. B. Bird},
title = "{Molecular theory of gases and liquids}",
year = 1964
}
@article{ern_1995,
title = {Fast and Accurate Multicomponent Transport Property Evaluation},
journal = {Journal of Computational Physics},
volume = {120},
number = {1},
pages = {105-116},
year = {1995},
doi = {10.1006/jcph.1995.1151},
author = {Alexandre Ern and Vincent Giovangigli}
}
@book{ern_1994,
title={Multicomponent transport algorithms},
author={Ern, Alexandre and Giovangigli, Vincent},
year={1994},
publisher={Springer Science \& Business Media}
}
@techreport{kee_1986,
title={A Fortran computer code package for the evaluation of gas-phase multicomponent transport properties},
author={Kee, Robert J and Dixon-Lewis, Graham and Warnatz, J{\"u}rgen and Coltrin, Michael E and Miller, James A},
institution={Sandia National Laboratories},
number={SAND86-8246},
year={1986}
}
@article{wilke_1950,
author = {Wilke,C. R. },
title = {A Viscosity Equation for Gas Mixtures},
journal = {The Journal of Chemical Physics},
volume = {18},
number = {4},
pages = {517-519},
year = {1950},
doi = {10.1063/1.1747673}
}
@article{emmett_2019,
author = {Matthew Emmett and Emmanuel Motheau and Weiqun Zhang and Michael Minion and John B. Bell},
title = {A fourth-order adaptive mesh refinement algorithm for the multicomponent, reacting compressible Navier–Stokes equations},
journal = {Combustion Theory and Modelling},
volume = {23},
number = {4},
pages = {592-625},
year  = {2019},
doi = {10.1080/13647830.2019.1566574},
}
@article{emmett_2014,
author = {Matthew Emmett and Weiqun Zhang and John B. Bell},
title = {High-order algorithms for compressible reacting flow with complex chemistry},
journal = {Combustion Theory and Modelling},
volume = {18},
number = {3},
pages = {361-387},
year  = {2014},
doi = {10.1080/13647830.2014.919410},
}
@article{kempf_2005,
author={A. Kempf and M. Klein and J. Janicka},
title = {Efficient Generation of Initial- and Inflow-Conditions for Transient Turbulent Flows in Arbitrary Geometries},
journal = {Flow, Turbulence and Combustion},
year="2005",
volume = "74",
pages = {67-84},
doi = {10.1007/s10494-005-3140-8}
}
@article{chen_2011,
title = {Petascale direct numerical simulation of turbulent combustion—fundamental insights towards predictive models},
journal = {Proceedings of the Combustion Institute},
volume = {33},
number = {1},
pages = {99-123},
year = {2011},
doi = {10.1016/j.proci.2010.09.012},
author = {Jacqueline H. Chen}
}
@article{babkovskaia_2011,
title = {A high-order public domain code for direct numerical simulations of turbulent combustion},
journal = {Journal of Computational Physics},
volume = {230},
number = {1},
pages = {1-12},
year = {2011},
doi = {10.1016/j.jcp.2010.08.028},
author = {N. Babkovskaia and N.E.L. Haugen and A. Brandenburg},
}
@article{migbreb_2016,
title = {Joint experimental and numerical study of the influence of flame holder temperature on the stabilization of a laminar methane flame on a cylinder},
journal = {Combustion and Flame},
volume = {172},
pages = {153-161},
year = {2016},
doi = {10.1016/j.combustflame.2016.06.025},
author = {M. Miguel-Brebion and D. Mejia and P. Xavier and F. Duchaine and B. Bedat and L. Selle and T. Poinsot},
}
@article{nonaka_2018,
author = {Andrew Nonaka and Marcus S. Day and John B. Bell},
title = {A conservative, thermodynamically consistent numerical approach for low Mach number combustion. Part I: Single-level integration},
journal = {Combustion Theory and Modelling},
volume = {22},
number = {1},
pages = {156-184},
year  = {2018},
doi = {10.1080/13647830.2017.1390610},
}
@article{schmitt_2016,
title = {Direct numerical simulation of the compression stroke under engine relevant conditions: Local wall heat flux distribution},
journal = {International Journal of Heat and Mass Transfer},
volume = {92},
pages = {718-731},
year = {2016},
doi = {10.1016/j.ijheatmasstransfer.2015.08.074},
author = {Martin Schmitt and Christos E. Frouzakis and Yuri M. Wright and Ananias Tomboulides and Konstantinos Boulouchos},
}
@misc{nek5000,
author = {P. Fischer and J. Lottes and S. Kerkemeier},
title = {Nek5000 description},
howpublished = {\url{https://nek5000.mcs.anl.gov/}},
note = {Accessed: 2023-05-24},
year="2023"
}
@inproceedings{rauch_2018,
author = {Andreas H. Rauch and Aditya Konduri and Jacqueline Chen and Hemanth Kolla and Harsha K. Chelliah},
title = {DNS Investigation of Cavity Stabilized Premixed Turbulent Ethylene-Air Flame},
booktitle = {2018  AIAA Aerospace Sciences Meeting},
year="2018",
pages = {1674},
doi = {10.2514/6.2018-1674}
}
@article{sitaraman_2021,
title = {Adaptive mesh based combustion simulations of direct fuel injection effects in a supersonic cavity flame-holder},
journal = {Combustion and Flame},
volume = {232},
pages = {111531},
year = {2021},
doi = {10.1016/j.combustflame.2021.111531},
author = {Hariswaran Sitaraman and Shashank Yellapantula and Marc T. {Henry de Frahan} and Bruce Perry and Jon Rood and Ray Grout and Marc Day},
}
@article{mayrhofer_2015,
title = {DNS and LES of 3-D wall-bounded turbulence using Smoothed Particle Hydrodynamics},
journal = {Computers \& Fluids},
volume = {115},
pages = {86-97},
year = {2015},
doi = {10.1016/j.compfluid.2015.03.029},
author = {A. Mayrhofer and D. Laurence and B.D. Rogers and D. Violeau},
}
@article{lind_2020,
author = {Lind, Steven J.  and Rogers, Benedict D.  and Stansby, Peter K. },
title = {Review of smoothed particle hydrodynamics: towards converged Lagrangian flow modelling},
journal = {Proceedings of the Royal Society A: Mathematical, Physical and Engineering Sciences},
volume = {476},
number = {2241},
pages = {20190801},
year = {2020},
doi = {10.1098/rspa.2019.0801}
}
@article{fornberg_2015a,
title = "Fast generation of {2-D} node distributions for mesh-free {PDE} discretizations",
journal = "Computers \& Mathematics with Applications",
volume = "69",
number = "7",
pages = "531 - 544",
year = "2015",
doi = "10.1016/j.camwa.2015.01.009",
author = "Bengt Fornberg and Natasha Flyer"
}
@article{jacobs_2017,
title = {OpenSBLI: A framework for the automated derivation and parallel execution of finite difference solvers on a range of computer architectures},
journal = {Journal of Computational Science},
volume = {18},
pages = {12-23},
year = {2017},
doi = {10.1016/j.jocs.2016.11.001},
author = {Christian T. Jacobs and Satya P. Jammy and Neil D. Sandham},
}

@article{yoo_2007,
author = { C. S.   Yoo  and  H. G.   Im },
title = {Characteristic boundary conditions for simulations of compressible reacting flows with multi-dimensional, viscous and reaction effects},
journal = {Combustion Theory and Modelling},
volume = {11},
number = {2},
pages = {259-286},
year  = {2007},
doi = {10.1080/13647830600898995}
}
@article{king_2024,
title = {A mesh-free framework for high-order direct numerical simulations of combustion in complex geometries},
journal = {Computer Methods in Applied Mechanics and Engineering},
volume = {421},
pages = {116762},
year = {2024},
doi = {10.1016/j.cma.2024.116762},
author = {J.R.C. King}
}
@techreport{gordon_1971,
title = "Computer program for calculation of complex chemical equilibrium compositions, rocket per-
formance, incident and reflected shocks, and {C}hapman-{J}ouguet detonations",
author = "S. Gordon and B. J. McBride",
institution = "NASA",
year = "1971",
number = "SP273"
}
@book{poinsot_2005,
  title={Theoretical and numerical combustion},
  author={Poinsot, Thierry and Veynante, Denis},
  year={2005},
  publisher={RT Edwards, Inc.}
}
@misc{king_2023,
title={A mesh-free framework for high-order simulations of viscoelastic flows in complex geometries}, 
author={J. R. C. King and S. J. Lind},
year={2023},
eprint={2312.12996},
archivePrefix={arXiv},
primaryClass={physics.flu-dyn}
}


